@ARTICLE{FGG14,
	author = {{Farhi}, Edward and {Goldstone}, Jeffrey and {Gutmann}, Sam},
	title = {{A Quantum Approximate Optimization Algorithm}},
	journal = {arXiv e-prints},
	keywords = {Quantum Physics},
	year = 2014,
	month = nov,
	eid = {arXiv:1411.4028},
	pages = {arXiv:1411.4028},
	archivePrefix = {arXiv},
	eprint = {1411.4028},
	primaryClass = {quant-ph},
	adsurl = {https://ui.adsabs.harvard.edu/abs/2014arXiv1411.4028F},
	adsnote = {Provided by the SAO/NASA Astrophysics Data System}
}

@ARTICLE{Preskill18,
	author = {{Preskill}, John},
	title = "{Quantum Computing in the NISQ era and beyond}",
	journal = {arXiv e-prints},
	keywords = {Quantum Physics, Condensed Matter - Strongly Correlated Electrons},
	year = 2018,
	month = jan,
	eid = {arXiv:1801.00862},
	pages = {arXiv:1801.00862},
	archivePrefix = {arXiv},
	eprint = {1801.00862},
	primaryClass = {quant-ph},
	adsurl = {https://ui.adsabs.harvard.edu/abs/2018arXiv180100862P},
	adsnote = {Provided by the SAO/NASA Astrophysics Data System}
}

@article{Hastad02,
	author = {H\r{a}stad, Johan},
	title = {Some Optimal Inapproximability Results},
	year = {2001},
	issue_date = {July 2001},
	publisher = {Association for Computing Machinery},
	address = {New York, NY, USA},
	volume = {48},
	number = {4},
	issn = {0004-5411},
	doi = {10.1145/502090.502098},
	journal = {J. ACM},
	month = jul,
	pages = {798–859},
	numpages = {62},
	keywords = {linear equations, max-sat, NP-hard optimization problems, Inapproximability, probabilistically checkable proofs}
}

@misc{ wiki:MaxCut,
	author = {Miym},
	title = {Max-cut},
	year = {2009},
	url = {https://commons.wikimedia.org/wiki/File:Max-cut.svg},
	note = {Retrieved May 18, 2020}
}

@book{ Mike&Ike,
	author = {Nielsen, Michael A. and Chuang, Isaac L.},
	title = "{Quantum Computation and Quantum Information}",
	year = "{2010}",
	publisher = {Cambridge University Press}
}

@ARTICLE{ZWCPL18,
	author = {{Zhou}, Leo and {Wang}, Sheng-Tao and {Choi}, Soonwon and
	{Pichler}, Hannes and {Lukin}, Mikhail D.},
	title = "{Quantum Approximate Optimization Algorithm: Performance, Mechanism, and Implementation on Near-Term Devices}",
	journal = {arXiv e-prints},
	keywords = {Quantum Physics, Condensed Matter - Disordered Systems and Neural Networks, Condensed Matter - Statistical Mechanics},
	year = 2018,
	month = dec,
	eid = {arXiv:1812.01041},
	pages = {arXiv:1812.01041},
	archivePrefix = {arXiv},
	eprint = {1812.01041},
	primaryClass = {quant-ph},
	adsurl = {https://ui.adsabs.harvard.edu/abs/2018arXiv181201041Z},
	adsnote = {Provided by the SAO/NASA Astrophysics Data System}
}

@misc{QuantumCountry,
	author = {Andy Matuschak and Michael A. Nielsen},
	title = {Quantum Computing for the Very Curious}, 
	url = {https://quantum.country/qcvc},
	year = {2019},
	address = {San Francisco}
}

@book{Hidary,
	title={Quantum Computing: An Applied Approach},
	author={Hidary, Jack D.},
	year={2019},
	publisher={Springer}
}

@ARTICLE{FH16,
	author = {{Farhi}, Edward and {Harrow}, Aram W.},
	title = "{Quantum Supremacy through the Quantum Approximate Optimization Algorithm}",
	journal = {arXiv e-prints},
	keywords = {Quantum Physics},
	year = 2016,
	month = feb,
	eid = {arXiv:1602.07674},
	pages = {arXiv:1602.07674},
	archivePrefix = {arXiv},
	eprint = {1602.07674},
	primaryClass = {quant-ph},
	adsurl = {https://ui.adsabs.harvard.edu/abs/2016arXiv160207674F},
	adsnote = {Provided by the SAO/NASA Astrophysics Data System}
}

@misc{Qiskit-Textbook,
	author = {Asfaw, Abraham and Wood, Stephen and  Wootton, James and others},
	title = {{Learn Quantum Computation Using Qiskit}},
	year = "2020",
	url = "http://community.qiskit.org/textbook",
}

@InProceedings{BK99,
	author="Berman, Piotr
	and Karpinski, Marek",
	editor="Wiedermann, Ji{\v{r}}{\'i}
	and van Emde Boas, Peter
	and Nielsen, Mogens",
	title="On Some Tighter Inapproximability Results",
	booktitle="Automata, Languages and Programming",
	year="1999",
	publisher="Springer Berlin Heidelberg",
	address="Berlin, Heidelberg",
	pages="200--209",
	abstract="We give a number of improved inapproximability results, including the best up to date explicit approximation thresholds for bounded occurence satisfiability problems like MAX-2SAT and E2-LIN-2, and the bounded degree graph problems, like MIS, Node Cover, and MAX CUT. We prove also for the first time inapproximability of the problem of Sorting by Reversals and display an explicit approximation threshold.",
	isbn="978-3-540-48523-0"
}


@ARTICLE{Crooks18,
	author = {{Crooks}, Gavin E.},
	title = "{Performance of the Quantum Approximate Optimization Algorithm on the Maximum Cut Problem}",
	journal = {arXiv e-prints},
	keywords = {Quantum Physics},
	year = 2018,
	month = nov,
	eid = {arXiv:1811.08419},
	pages = {arXiv:1811.08419},
	archivePrefix = {arXiv},
	eprint = {1811.08419},
	primaryClass = {quant-ph},
	adsurl = {https://ui.adsabs.harvard.edu/abs/2018arXiv181108419C},
	adsnote = {Provided by the SAO/NASA Astrophysics Data System}
}

@MISC{maxcut-applications,
	author = {{Barak}, Boaz and {Steurer}, David},
	title = {Proofs, beliefs, and algorithms through the lens of sum-of-squares},
	year = {2016},
	url = {https://www.sumofsquares.org/public/index.html}
}

@ARTICLE{FGGZ19,
	author = {{Farhi}, Edward and {Goldstone}, Jeffrey and {Gutmann}, Sam and
	{Zhou}, Leo},
	title = "{The Quantum Approximate Optimization Algorithm and the Sherrington-Kirkpatrick Model at Infinite Size}",
	journal = {arXiv e-prints},
	keywords = {Quantum Physics, Condensed Matter - Disordered Systems and Neural Networks, Condensed Matter - Statistical Mechanics},
	year = 2019,
	month = oct,
	eid = {arXiv:1910.08187},
	pages = {arXiv:1910.08187},
	archivePrefix = {arXiv},
	eprint = {1910.08187},
	primaryClass = {quant-ph},
	adsurl = {https://ui.adsabs.harvard.edu/abs/2019arXiv191008187F},
	adsnote = {Provided by the SAO/NASA Astrophysics Data System}
}

@ARTICLE{BBFGH18,
	author = {{Brandao}, Fernando G.~S.~L. and {Broughton}, Michael and
	{Farhi}, Edward and {Gutmann}, Sam and {Neven}, Hartmut},
	title = "{For Fixed Control Parameters the Quantum Approximate Optimization Algorithm's Objective Function Value Concentrates for Typical Instances}",
	journal = {arXiv e-prints},
	keywords = {Quantum Physics},
	year = 2018,
	month = dec,
	eid = {arXiv:1812.04170},
	pages = {arXiv:1812.04170},
	archivePrefix = {arXiv},
	eprint = {1812.04170},
	primaryClass = {quant-ph},
	adsurl = {https://ui.adsabs.harvard.edu/abs/2018arXiv181204170B},
	adsnote = {Provided by the SAO/NASA Astrophysics Data System}
}

@ARTICLE{FGGS2000,
	author = {{Farhi}, Edward and {Goldstone}, Jeffrey and {Gutmann}, Sam and
	{Sipser}, Michael},
	title = "{Quantum Computation by Adiabatic Evolution}",
	journal = {arXiv e-prints},
	keywords = {Quantum Physics},
	year = 2000,
	month = jan,
	eid = {quant-ph/0001106},
	pages = {quant-ph/0001106},
	archivePrefix = {arXiv},
	eprint = {quant-ph/0001106},
	primaryClass = {quant-ph},
	adsurl = {https://ui.adsabs.harvard.edu/abs/2000quant.ph..1106F},
	adsnote = {Provided by the SAO/NASA Astrophysics Data System}
}

@Book{Griffiths,
	author = {{Griffiths}, David J.},
	title = {Introduction to Quantum Mechanics},
	year = {2015},
	edition = {Second},
	ISBN = {978-93-325-4289-1},
	publisher = {Pearson}
}
	
	
@ARTICLE{GW95,
	author = {{Goemans}, Michel X. and {Williamson}, David P.},
	title = {Improved Approximation Algorithms for
	Maximum Cut and Satisfiability Problems Using
	Semidefinite Programming},
	year = {1995},
	journal = {Journal of the Association for Computing Machinery},
	volume = {42},
	number = {6},
	pages = {1115-1145},
	month = nov
}

@article{KKMO05,
	title={Optimal inapproximability results for MAX-CUT and other 2-variable CSPs?},
	author={Khot, Subhash and Kindler, Guy and Mossel, Elchanan and O’Donnell, Ryan},
	journal={SIAM Journal on Computing},
	volume={37},
	number={1},
	pages={319--357},
	year={2007},
	publisher={SIAM},
	doi = {10.1137/S0097539705447372}
}

@inproceedings{UGC,
	author = {Khot, Subhash},
	title = {On the Power of Unique 2-Prover 1-Round Games},
	year = {2002},
	isbn = {1581134959},
	publisher = {Association for Computing Machinery},
	address = {New York, NY, USA},
	doi = {10.1145/509907.510017},
	booktitle = {Proceedings of the Thiry-Fourth Annual ACM Symposium on Theory of Computing},
	pages = {767–775},
	numpages = {9},
	location = {Montreal, Quebec, Canada},
	series = {STOC ’02}
}

@Inbook{Karp72,
	author="Karp, Richard M.",
	editor="Miller, Raymond E.
	and Thatcher, James W.
	and Bohlinger, Jean D.",
	title="Reducibility among Combinatorial Problems",
	bookTitle="Complexity of Computer Computations: Proceedings of a symposium on the Complexity of Computer Computations, held March 20--22, 1972, at the IBM Thomas J. Watson Research Center, Yorktown Heights, New York, and sponsored by the Office of Naval Research, Mathematics Program, IBM World Trade Corporation, and the IBM Research Mathematical Sciences Department",
	year="1972",
	publisher="Springer US",
	address="Boston, MA",
	pages="85--103",
	isbn="978-1-4684-2001-2",
	doi="10.1007/978-1-4684-2001-2_9"
}


@INPROCEEDINGS{Shor94,
	author={Shor, Peter W.},
	booktitle={Proceedings 35th Annual Symposium on Foundations of Computer Science}, 
	title={Algorithms for quantum computation: discrete logarithms and factoring}, 
	year={1994},
	volume={},
	number={},
	pages={124-134}
	doi = {10.1109/SFCS.1994.365700}
}

@ARTICLE{Grover96,
	author = {{Grover}, Lov K.},
	title = "{A fast quantum mechanical algorithm for database search}",
	journal = {arXiv e-prints},
	keywords = {Quantum Physics},
	year = 1996,
	month = may,
	eid = {quant-ph/9605043},
	pages = {quant-ph/9605043},
	archivePrefix = {arXiv},
	eprint = {quant-ph/9605043},
	primaryClass = {quant-ph},
	adsurl = {https://ui.adsabs.harvard.edu/abs/1996quant.ph..5043G},
	adsnote = {Provided by the SAO/NASA Astrophysics Data System}
}

@MISC{UGC-Blog,
	author = {Erica Klarreich},
	year = {2011},
	month = oct,
	day = {6}, 
	title = {Approximately Hard: The Unique Games Conjecture},
	organization = {Simons Foundation},
	url = {https://www.simonsfoundation.org/2011/10/06/approximately-hard-the-unique-games-conjecture/},
	note = {Retrieved June 17, 2020}
}

@article{AL18,
	title = {Adiabatic quantum computation},
	author = {Albash, Tameem and Lidar, Daniel A.},
	journal = {Rev. Mod. Phys.},
	volume = {90},
	issue = {1},
	pages = {015002},
	numpages = {64},
	year = {2018},
	month = jan,
	publisher = {American Physical Society},
	doi = {10.1103/RevModPhys.90.015002}
}

@MISC{lecture-Aaronson,
	title = {Lecture 26, Adiabatic Algorithm},
	author = {Aaronson, Scott},
	month = apr,
	year = {2017},
	url = {https://www.scottaaronson.com/qclec/26.pdf}
}

@MISC{lecture-MaxCut,
	title = {{CS} 810: Introduction to Complexity Theory - Lecture 19: Randomized Algorithms: {MAXCUT}},
	author = {Cai, Jin-Yi},
	year = {2003},
	month = mar,
	url = {http://pages.cs.wisc.edu/~jyc/02-810notes/lecture19.pdf}
}

@MISC{lecture-GW,
	title = {{CS 810}: {I}ntroduction to Complexity Theory - Lecture 20: {G}oemans-{W}illiamson {MAXCUT} Approximation Algorithm},
	author = {Cai, Jin-Yi},
	year = {2003},
	month = mar,
	url = {http://pages.cs.wisc.edu/~jyc/02-810notes/lecture20.pdf}
}

@MISC{Qiskit-CNOT,
	title = {{CX}Gate},
	author = {Qiskit Development Team},
	year = {2020},
	url = {https://qiskit.org/documentation/stubs/qiskit.circuit.library.CXGate.html#qiskit.circuit.library.CXGate},
	note = {Retrieved June 22, 2020}
}
	
@ARTICLE{Hastings19,
	author = {{Hastings}, M.~B.},
	title = "{Classical and Quantum Bounded Depth Approximation Algorithms}",
	journal = {arXiv e-prints},
	keywords = {Quantum Physics},
	year = 2019,
	month = may,
	eid = {arXiv:1905.07047},
	pages = {arXiv:1905.07047},
	archivePrefix = {arXiv},
	eprint = {1905.07047},
	primaryClass = {quant-ph},
	adsurl = {https://ui.adsabs.harvard.edu/abs/2019arXiv190507047H},
	adsnote = {Provided by the SAO/NASA Astrophysics Data System}
}

@ARTICLE{VQE,
	author = {{Peruzzo}, Alberto and {McClean}, Jarrod and {Shadbolt}, Peter and
	{Yung}, Man-Hong and {Zhou}, Xiao-Qi and {Love}, Peter J. and
	{Aspuru-Guzik}, Al{\'a}n and {O'Brien}, Jeremy L.},
	title = "{A variational eigenvalue solver on a photonic quantum processor}",
	journal = {Nature Communications},
	keywords = {Quantum Physics, Physics - Chemical Physics},
	year = 2014,
	month = jul,
	volume = {5},
	eid = {4213},
	pages = {4213},
	doi = {10.1038/ncomms5213},
	archivePrefix = {arXiv},
	eprint = {1304.3061},
	primaryClass = {quant-ph},
	adsurl = {https://ui.adsabs.harvard.edu/abs/2014NatCo...5.4213P},
	adsnote = {Provided by the SAO/NASA Astrophysics Data System}
}
	
@ARTICLE{MRBA16,
	author = {{McClean}, Jarrod and {Romero}, Jonathan and {Babbush}, Ryan and
	{Aspuru-Guzik}, Al{\'a}n},
	title = "{The theory of variational hybrid quantum-classical algorithms}",
	journal = {New Journal of Physics},
	keywords = {Quantum Physics, Physics - Chemical Physics},
	year = 2016,
	month = feb,
	volume = {18},
	number = {2},
	eid = {023023},
	pages = {023023},
	doi = {10.1088/1367-2630/18/2/023023},
	archivePrefix = {arXiv},
	eprint = {1509.04279},
	primaryClass = {quant-ph},
	adsurl = {https://ui.adsabs.harvard.edu/abs/2016NJPh...18b3023M},
	adsnote = {Provided by the SAO/NASA Astrophysics Data System}
}

@article{QuantumSupremacy,
	title={Quantum supremacy using a programmable superconducting processor},
	author={Arute, Frank and Arya, Kunal and Babbush, Ryan and Bacon, Dave and Bardin, Joseph C and Barends, Rami and Biswas, Rupak and Boixo, Sergio and Brandao, Fernando GSL and Buell, David A and others},
	journal={Nature},
	volume={574},
	number={7779},
	pages={505--510},
	year={2019},
	publisher={Nature Publishing Group}
}

@article{TSP,
	title={The traveling salesman problem},
	author={J{\"u}nger, Michael and Reinelt, Gerhard and Rinaldi, Giovanni},
	journal={Handbooks in operations research and management science},
	volume={7},
	pages={225--330},
	year={1995},
	publisher={Elsevier}
}

@BOOK{Knapsack2,
	author = {Dantzig, Tobias},
	title = {{Numbers: The Language of Science}}, 
	year = {1930},
	publisher = {Macmillan}
}

@ARTICLE{Knapsack1,
	author = {Mathews, George B.},
	year = {1897},
	title = {On the partition of numbers},
	journal = {Proceedings of the London Mathematical Society},
	volume = {28},
	pages={486–490}
}

@ARTICLE{AAG20,
	author = {{Alam}, Mahabubul and {Ash-Saki}, Abdullah and {Ghosh}, Swaroop},
	title = "{Accelerating Quantum Approximate Optimization Algorithm using Machine Learning}",
	journal = {arXiv e-prints},
	keywords = {Computer Science - Emerging Technologies, Computer Science - Machine Learning},
	year = 2020,
	month = feb,
	eid = {arXiv:2002.01089},
	pages = {arXiv:2002.01089},
	archivePrefix = {arXiv},
	eprint = {2002.01089},
	primaryClass = {cs.ET},
	adsurl = {https://ui.adsabs.harvard.edu/abs/2020arXiv200201089A},
	adsnote = {Provided by the SAO/NASA Astrophysics Data System}
}

@misc{ Qiskit,
	author = {Qiskit contributors},
	title = {{Qiskit: An Open-source Framework for Quantum Computing}},
	year = {2019},
	doi = {10.5281/zenodo.2562110}
}

@ARTICLE{GHBS20,
	author = {{Giacomo Guerreschi}, Gian and {Hogaboam}, Justin and {Baruffa}, Fabio and
	{Sawaya}, Nicolas P.~D.},
	title = "{Intel Quantum Simulator: A cloud-ready high-performance simulator of quantum circuits}",
	journal = {arXiv e-prints},
	keywords = {Quantum Physics, Computer Science - Distributed, Parallel, and Cluster Computing, Physics - Computational Physics},
	year = {2020},
	month = jan,
	eid = {arXiv:2001.10554},
	pages = {arXiv:2001.10554},
	archivePrefix = {arXiv},
	eprint = {2001.10554},
	primaryClass = {quant-ph},
	adsurl = {https://ui.adsabs.harvard.edu/abs/2020arXiv200110554G},
	adsnote = {Provided by the SAO/NASA Astrophysics Data System}
}

@ARTICLE{PSO1,
	author = {Kennedy, James and Eberhart, Russell C.},
	title = {Particle swarm optimization},
	year = {1995},
	journal = {Proceedings of IEEE International Conference on Neural Networks},
	volume = {IV},
	pages = {1942–1948},
	doi = {10.1109/ICNN.1995.488968}
}

@ARTICLE{PSO2,
	author = {Shi, Yuhui and Eberhart, Russell C.},
	year = {1998},
	title = "{A modified particle swarm optimizer}",
	journal = {Proceedings of IEEE International Conference on Evolutionary Computation},
	pages ={69–73},
	doi = {10.1109/ICEC.1998.699146}
}
	
@article{Engelbrecht06,
	title={Fundamentals of Computational Swarm Intelligence},
	year = {2006},
	author={Engelbrecht, Andries P.},
	journal={Hoboken: John Wiley \& Sons, Ltd}
}

@article{Poli08,
	title={Analysis of the publications on the applications of particle swarm optimisation},
	author={Poli, Riccardo},
	journal={Journal of Artificial Evolution and Applications},
	volume={2008},
	year={2008},
	publisher={Hindawi}
}

@article{NelderMead,
	author = {Nelder, John A. and Mead, Roger},
	title = "{A Simplex Method for Function Minimization}",
	journal = {The Computer Journal},
	volume = {7},
	number = {4},
	pages = {308-313},
	year = {1965},
	month = jan,
	issn = {0010-4620},
	doi = {10.1093/comjnl/7.4.308}
}


@book{BFGS,
	title={Practical methods of optimization},
	author={Fletcher, Roger},
	year={2013},
	publisher={John Wiley \& Sons}
}

@MISC{vqe-figure,
	author = {Yamazaki, Takeshi and Matsuura, Shunji and Narimani, Ali and  Saidmuradov, Anushervon and Zaribafiyan, Arman},
	title = {{The Variational Quantum Eigensolver (VQE)}},
	url = {http://openqemist.1qbit.com/docs/vqe_microsoft_qsharp.html},
	year = {2019},
	note = {Retrieved May 18, 2020}
}

@ARTICLE{QAOA-pso,
	author = {{Giacomo Guerreschi}, Gian and {Hogaboam}, Justin and {Baruffa}, Fabio and
	{Sawaya}, Nicolas P.~D.},
	title = "{Intel Quantum Simulator: A cloud-ready high-performance simulator of quantum circuits}",
	journal = {arXiv e-prints},
	keywords = {Quantum Physics, Computer Science - Distributed, Parallel, and Cluster Computing, Physics - Computational Physics},
	year = 2020,
	month = jan,
	eid = {arXiv:2001.10554},
	pages = {arXiv:2001.10554},
	archivePrefix = {arXiv},
	eprint = {2001.10554},
	primaryClass = {quant-ph},
	adsurl = {https://ui.adsabs.harvard.edu/abs/2020arXiv200110554G},
	adsnote = {Provided by the SAO/NASA Astrophysics Data System}
}

@MISC{pyswarm,
	author = {tisimst},
	url = {https://github.com/tisimst/pyswarm},
	title = {{pyswarm: Particle swarm optimization (PSO) with constraint support}},
	year = {2015}
}

@ARTICLE{VBB17,
	author = {{Verdon}, Guillaume and {Broughton}, Michael and {Biamonte}, Jacob},
	title = "{A quantum algorithm to train neural networks using low-depth circuits}",
	journal = {arXiv e-prints},
	keywords = {Quantum Physics, Condensed Matter - Disordered Systems and Neural Networks},
	year = 2017,
	month = dec,
	eid = {arXiv:1712.05304},
	pages = {arXiv:1712.05304},
	archivePrefix = {arXiv},
	eprint = {1712.05304},
	primaryClass = {quant-ph},
	adsurl = {https://ui.adsabs.harvard.edu/abs/2017arXiv171205304V},
	adsnote = {Provided by the SAO/NASA Astrophysics Data System}
}

@article{Yao20,
	title={Policy Gradient based Quantum Approximate Optimization Algorithm},
	author={Jiahao Yao and Marin Bukov and Lin Lin},
	journal={arXiv e-prints},
	year={2020},
	volume={abs/2002.01068}
}

@ARTICLE{FGGN2005,
	author = {{Farhi}, Edward and {Goldstone}, Jeffrey and {Gutmann}, Sam and
	{Nagaj}, Daniel},
	title = "{How to Make the Quantum Adiabatic Algorithm Fail}",
	journal = {arXiv e-prints},
	keywords = {Quantum Physics},
	year = 2005,
	month = dec,
	eid = {quant-ph/0512159},
	pages = {quant-ph/0512159},
	archivePrefix = {arXiv},
	eprint = {quant-ph/0512159},
	primaryClass = {quant-ph},
	adsurl = {https://ui.adsabs.harvard.edu/abs/2005quant.ph.12159F},
	adsnote = {Provided by the SAO/NASA Astrophysics Data System}
}

@article{pyQuil,
	title={A Practical Quantum Instruction Set Architecture},
	author={Smith, Robert S. and Curtis, Michael J. and Zeng, William J. },
	year={2016},
	eprint={1608.03355},
	journal = {arXiv e-prints},
	eid = {arXiv:1608.03355},
	month = aug,
	archivePrefix={arXiv},
	primaryClass={quant-ph}
}

@article{simplex,
	title={Maximization of a linear function of variables subject to linear inequalities},
	author={Dantzig, George B.},
	journal={Activity analysis of production and allocation},
	volume={13},
	pages={339--347},
	year={1951}
}

@misc{GW-lecture-Hollbach,
	title = {{Lecture - Goemans and Williamson
	Algorithm for MAXCUT}},
	author = {Hollbach, Kevin and Li, Lilly},
	month = feb,
	day = {14},
	year = {2018}
}

@phdthesis{ising-model,
	title={Thermalisation and Relaxation of Quantum Systems},
	author={Wald, Sascha S.},
	year={2017},
	school = {Institute Jean Lamour}
}

@ARTICLE{active-1,
	author = {{Arute}, Frank and {Arya}, Kunal and {Babbush}, Ryan and {Bacon}, Dave and
	{Bardin}, Joseph C. and {Barends}, Rami and others},
	title = "{Quantum Approximate Optimization of Non-Planar Graph Problems on a Planar Superconducting Processor}",
	journal = {arXiv e-prints},
	keywords = {Quantum Physics},
	year = 2020,
	month = apr,
	eid = {arXiv:2004.04197},
	pages = {arXiv:2004.04197},
	archivePrefix = {arXiv},
	eprint = {2004.04197},
	primaryClass = {quant-ph},
	adsurl = {https://ui.adsabs.harvard.edu/abs/2020arXiv200404197A},
	adsnote = {Provided by the SAO/NASA Astrophysics Data System}
}

@article{active-2,
	title={Entanglement Production and Convergence Properties of the Variational Quantum Eigensolver.},
	author={Andreas Woitzik and Panagiotis Barkoutsos and Filip Wudarski and Andreas Buchleitner and Ivano Tavernelli},
	journal={arXiv: Quantum Physics},
	year={2020}
}

@ARTICLE{active-3,
	author = {{Cerezo}, Marco and {Sharma}, Kunal and {Arrasmith}, Andrew and
	{Coles}, Patrick J.},
	title = "{Variational Quantum State Eigensolver}",
	journal = {arXiv e-prints},
	keywords = {Quantum Physics},
	year = 2020,
	month = apr,
	eid = {arXiv:2004.01372},
	pages = {arXiv:2004.01372},
	archivePrefix = {arXiv},
	eprint = {2004.01372},
	primaryClass = {quant-ph},
	adsurl = {https://ui.adsabs.harvard.edu/abs/2020arXiv200401372C},
	adsnote = {Provided by the SAO/NASA Astrophysics Data System}
}

@article{adiabatic-evolution1,
	title={Energy and efficiency of adiabatic quantum search algorithms},
	author={Das, Saurya and Kobes, Randy and Kunstatter, Gabor},
	journal={Journal of Physics A: Mathematical and General},
	volume={36},
	number={11},
	pages={2839},
	year={2003},
	publisher={IOP Publishing}
}

@ARTICLE{adiabatic-evolution2,
	author = {{Sun}, Jie and {Lu}, Song-Feng and {Samuel}, L. Braunstein},
	title = "{On Models of Nonlinear Evolution Paths in Adiabatic Quantum Algorithms}",
	journal = {Communications in Theoretical Physics},
	keywords = {Quantum Physics},
	year = 2013,
	month = jan,
	volume = {59},
	number = {1},
	pages = {22-26},
	doi = {10.1088/0253-6102/59/1/05},
	archivePrefix = {arXiv},
	eprint = {1301.1115},
	primaryClass = {quant-ph},
	adsurl = {https://ui.adsabs.harvard.edu/abs/2013CoTPh..59...22S},
	adsnote = {Provided by the SAO/NASA Astrophysics Data System}
}

@ARTICLE{DMV02,
	author = {{van Dam}, Wim and {Mosca}, Michele and {Vazirani}, Umesh},
	title = "{How Powerful is Adiabatic Quantum Computation?}",
	journal = {arXiv e-prints},
	keywords = {Quantum Physics},
	year = 2002,
	month = may,
	eid = {quant-ph/0206003},
	pages = {quant-ph/0206003},
	archivePrefix = {arXiv},
	eprint = {quant-ph/0206003},
	primaryClass = {quant-ph},
	adsurl = {https://ui.adsabs.harvard.edu/abs/2002quant.ph..6003V},
	adsnote = {Provided by the SAO/NASA Astrophysics Data System}
}

@MISC{genQAOA,
	title = {{genQAOA}},
	author = {Zhou, Leo},
	url = {https://github.com/leologist/GenQAOA},
	year = {2019}
}

@MISC{pyQuil-INTERP,
	author = {Bus, Joost},
	title = {{Source code of the QAOA pyQuil INTERP method}},
	year = {2020},	
	url = {https://github.com/soosub/bep/tree/master/Implementation}
}

@Article{networkx,
	author = {Hagberg, Aric A. and Schult, Daniel A. and Swart, Pieter J.},
	title = {{Exploring network structure, dynamics, and function using NetworkX}},
	proceedings = {Proceedings of the 7th Python in Science Conference (SciPy2008)}, 
	editor = {Varoquaux, G\"ael, Vaught, Travis and Millman, Jarrod},
	address = {{Pasadena, CA USA}}, 
	pages = {11-15},
	month = aug,
	year = {2008}
	}

@article{wang2010maximum,
	title={{Maximum cut in fuzzy nature: Models and algorithms}},
	author={Wang, Rui-Sheng and Wang, Li-Min},
	journal={Journal of computational and applied mathematics},
	volume={234},
	number={1},
	pages={240--252},
	year={2010},
	publisher={Elsevier}
}

@MISC{lecture-notes-evolution,
	author = {Haber, Howard},
	title = {{Physics 215: Time Ordered Exponential}},
	year = {2018},
	url = {http://scipp.ucsc.edu/~haber/ph215/TimeOrderedExp.pdf},
	month = {dec}
}

@MISC{Zhou-email,
	title = {Private communication},
	author = {Zhou, Leo},
	year = {2020},
	month = may
}
	
@inproceedings{pataki,
	title={{Cone-LP's and semidefinite programs: Geometry and a simplex-type method}},
	author={Pataki, G{\'a}bor},
	booktitle={International Conference on Integer Programming and Combinatorial Optimization},
	pages={162--174},
	year={1996},
	organization={Springer}
}

@book{lovasz1988geometric,
	title={Geometric algorithms and combinatorial optimization},
	author={Lovasz, Loszlo and Grotschel, Martin and Schrijver, Alexander},
	year={1988},
	publisher={Springer}
}

@book{nesterov1994interior,
	title={Interior-point polynomial algorithms in convex programming},
	author={Nesterov, Yurii and Nemirovskii, Arkadii},
	year={1994},
	publisher={SIAM}
}

@INPROCEEDINGS{vaidya,
	author={{Vaidya},Pravin M.},
	booktitle={30th Annual Symposium on Foundations of Computer Science}, 
	title={A new algorithm for minimizing convex functions over convex sets}, 
	year={1989},
	volume={},
	number={},
	pages={338-343},
	doi = {10.1109/SFCS.1989.63500}
}

@ARTICLE{SZBW18,
	author = {{Sun}, Yin and {Zhang}, Jun-Yi and {Byrd}, Mark S. and {Wu}, Lian-Ao},
	title = "{Adiabatic Quantum Simulation Using Trotterization}",
	journal = {arXiv e-prints},
	keywords = {Quantum Physics},
	year = 2018,
	month = may,
	eid = {arXiv:1805.11568},
	pages = {arXiv:1805.11568},
	archivePrefix = {arXiv},
	eprint = {1805.11568},
	primaryClass = {quant-ph},
	adsurl = {https://ui.adsabs.harvard.edu/abs/2018arXiv180511568S},
	adsnote = {Provided by the SAO/NASA Astrophysics Data System}
}

@INBOOK{Suzuki05,
	author = {{Hatano}, Naomichi and {Suzuki}, Masuo},
	title = "{Finding Exponential Product Formulas of Higher Orders}",
	keywords = {Mathematical Physics, Condensed Matter - Statistical Mechanics, Physics - Computational Physics, Quantum Physics, 41A35, 82C80, 65P10},
	booktitle = {Lecture Notes in Physics, Berlin Springer Verlag},
	year = 2005,
	editor = {{Das}, Arnab and {Chakrabarti}, Bikas K.},
	volume = {679},
	pages = {37},
	doi = {10.1007/11526216_2},
	adsurl = {https://ui.adsabs.harvard.edu/abs/2005LNP...679...37H},
	adsnote = {Provided by the SAO/NASA Astrophysics Data System}
}