\bibitem{Nielsen} 
Albert Einstein. 
\textit{Zur Elektrodynamik bewegter K{\"o}rper}. (German) 
[\textit{On the electrodynamics of moving bodies}]. 
Annalen der Physik, 322(10):891â€“921, 1905.