\begin{thebibliography}
\bibitem{FGG14} 
Michel Goossens, Frank Mittelbach, and Alexander Samarin. 
\textit{The \LaTeX\ Companion}. 
Addison-Wesley, Reading, Massachusetts, 1993.

\end{thebibliography}